<record><leader>00000cas a2200000 a 4500</leader><controlfield tag="001">10246527</controlfield><controlfield tag="008">831222d18011802vtuwr ne      0    0eng c</controlfield><datafield ind1=" " ind2=" " tag="010"><subfield code="a">sn 83021570 </subfield></datafield><datafield ind1=" " ind2=" " tag="040"><subfield code="a">NPX</subfield><subfield code="b">eng</subfield><subfield code="c">NPX</subfield><subfield code="d">NYG</subfield><subfield code="d">YOX</subfield><subfield code="d">MGN</subfield><subfield code="d">CNW</subfield><subfield code="d">OBN</subfield><subfield code="d">NVN</subfield><subfield code="d">TGN</subfield><subfield code="d">DLC</subfield><subfield code="d">OCL</subfield><subfield code="d">CVF</subfield><subfield code="d">NVN</subfield><subfield code="d">NYS</subfield><subfield code="d">OCLCQ</subfield><subfield code="d">BUF</subfield><subfield code="d">KRTAS</subfield><subfield code="d">OCLCQ</subfield><subfield code="d">OCLCF</subfield><subfield code="d">OCLCO</subfield></datafield><datafield ind1=" " ind2=" " tag="019"><subfield code="a">24843673</subfield><subfield code="a">34199388</subfield></datafield><datafield ind1="1" ind2=" " tag="029"><subfield code="a">AU@</subfield><subfield code="b">000020417913</subfield></datafield><datafield ind1=" " ind2=" " tag="042"><subfield code="a">pcc</subfield></datafield><datafield ind1=" " ind2=" " tag="043"><subfield code="a">n-us-vt</subfield></datafield><datafield ind1="1" ind2="4" tag="050"><subfield code="a">AN321</subfield><subfield code="b">.P66</subfield></datafield><datafield ind1="0" ind2="4" tag="245"><subfield code="a">The Ploughman, or, Republican Federalist.</subfield></datafield><datafield ind1="3" ind2="0" tag="246"><subfield code="a">Republican federalist</subfield></datafield><datafield ind1=" " ind2=" " tag="260"><subfield code="a">Bennington, Vt. :</subfield><subfield code="b">Printed by Collier and Stockwell,</subfield><subfield code="c">1801-1802.</subfield></datafield><datafield ind1=" " ind2=" " tag="300"><subfield code="a">1 v.</subfield></datafield><datafield ind1=" " ind2=" " tag="310"><subfield code="a">Weekly</subfield></datafield><datafield ind1="1" ind2=" " tag="362"><subfield code="a">Began July 13, 1801?</subfield></datafield><datafield ind1="0" ind2=" " tag="362"><subfield code="a">-v. 1, no. 30 (Feb. 1, 1802).</subfield></datafield><datafield ind1=" " ind2=" " tag="500"><subfield code="a">Motto: "The strength of a Nation depends on Union, and its happiness on Virtue"--Bishop Watson.</subfield></datafield><datafield ind1=" " ind2=" " tag="530"><subfield code="a">Available on microfilm from Readex Microprint Corp.</subfield></datafield><datafield ind1=" " ind2=" " tag="588"><subfield code="a">Description based on: Vol. 1, no. 3 (July 27, 1801).</subfield></datafield><datafield ind1=" " ind2="0" tag="651"><subfield code="a">Bennington (Vt.)</subfield><subfield code="v">Newspapers.</subfield></datafield><datafield ind1=" " ind2="0" tag="651"><subfield code="a">Bennington County (Vt.)</subfield><subfield code="v">Newspapers.</subfield></datafield><datafield ind1=" " ind2="7" tag="655"><subfield code="a">Newspapers.</subfield><subfield code="2">fast</subfield><subfield code="0">(OCoLC)fst01423814</subfield></datafield><datafield ind1=" " ind2="7" tag="651"><subfield code="a">Vermont</subfield><subfield code="z">Bennington.</subfield><subfield code="2">fast</subfield><subfield code="0">(OCoLC)fst01215895</subfield></datafield><datafield ind1=" " ind2="7" tag="651"><subfield code="a">Vermont</subfield><subfield code="z">Bennington County.</subfield><subfield code="2">fast</subfield><subfield code="0">(OCoLC)fst01224329</subfield></datafield><datafield ind1=" " ind2=" " tag="752"><subfield code="a">United States</subfield><subfield code="b">Vermont</subfield><subfield code="c">Bennington</subfield><subfield code="d">Bennington.</subfield></datafield><datafield ind1=" " ind2=" " tag="938"><subfield code="a">Kirtas Technologies, Inc.</subfield><subfield code="b">KRTS</subfield><subfield code="n">737981</subfield></datafield></record>